<?xml version="1.0" encoding="UTF-8"?><collection><record><leader>06686ntm a2200505 a 4500</leader><controlfield tag="001">006818771</controlfield><controlfield tag="003">MiAaHDL</controlfield><controlfield tag="005">20190719000000.0</controlfield><controlfield tag="006">m        d        </controlfield><controlfield tag="007">cr bn ---auaua</controlfield><controlfield tag="008">090615q17501799ii            00| ||per d</controlfield><datafield tag="035" ind1=" " ind2=" "><subfield code="a">(MiU)006818771</subfield></datafield><datafield tag="035" ind1=" " ind2=" "><subfield code="a">sdr-miu006818771</subfield></datafield><datafield tag="040" ind1=" " ind2=" "><subfield code="a">MiU</subfield><subfield code="c">MiU</subfield><subfield code="e">amremm</subfield></datafield><datafield tag="043" ind1=" " ind2=" "><subfield code="a">n-us-mi</subfield><subfield code="a">a-ii---</subfield></datafield><datafield tag="245" ind1="0" ind2="0"><subfield code="6">880-03</subfield><subfield code="a">[Māhʻmunīr va Khūbʻchihrah,</subfield><subfield code="f">18th century?].</subfield></datafield><datafield tag="246" ind1="3" ind2=" "><subfield code="a">Māh Munīr va Khūb Chihrah</subfield></datafield><datafield tag="246" ind1="3" ind2=" "><subfield code="a">ماه منير و خوب چهره</subfield></datafield><datafield tag="260" ind1=" " ind2=" "><subfield code="a">[Kashmīr?,</subfield><subfield code="c">1750-1799?].</subfield></datafield><datafield tag="300" ind1=" " ind2=" "><subfield code="a">278 leaves :</subfield><subfield code="b">paper ;</subfield><subfield code="c">192 x 135 (125 x 67) mm.</subfield></datafield><datafield tag="500" ind1=" " ind2=" "><subfield code="a">Shelfmark: Ann Arbor, University of Michigan, Special Collections Library, Isl. Ms. 360</subfield></datafield><datafield tag="500" ind1=" " ind2=" "><subfield code="a">Origin: Lacks dated colophon ; G. Meredith-Owens (who also confirmed the identification) has proposed a date of late 18th century (see note on catalog card) as suggested by paper, painting style, etc.</subfield></datafield><datafield tag="500" ind1=" " ind2=" "><subfield code="a">Accompanying material: Slip of wove paper with manuscript description in black ink in hand of G. Meredith-Owens, "The romance of Māh-munīr the son of King ʻArabshāh and Khūb-chihreh, daughter of the merchant Abū Naṣr. This tale seems to be otherwise unknown and is probably an Indian composition. Late 18th - early 19th century with contemporary illustrations in the Kashmiri style."</subfield></datafield><datafield tag="500" ind1=" " ind2=" "><subfield code="a">Former shelfmark: "217 T. De M. [i.e. Tammaro De Marinis]" inscribed in pencil on recto of front flyleaf.</subfield></datafield><datafield tag="500" ind1=" " ind2=" "><subfield code="a">Binding: Heavy pasteoards faced in dark maroon leather with green-blue leather over spine and edges / turn-ins and turquoise leather (shagreen) over board corners (leather faced and edged framed binding) ; Type III binding (without flap) ; doublures in purple surface-dyed paper with central diamond shape ornament and pendants cut from gold textured paper and applied ; upper and lower covers carry stamped central ornament (diamond / floral shape) and pendants (with recessed onlays) and blind tooled border ; sewn in dark purple thread, two stations ; worked endbands in magenta and dark purple, good condition ; overall in somewhat poor condition with much abrasion, staining, lifting and losses of leather and pigment, covers detaching, severe spine slant (cocked), etc.</subfield></datafield><datafield tag="500" ind1=" " ind2=" "><subfield code="a">Support: non-European (likely Indian) laid paper with 11 laid lines per cm. (horizontal, fairly distinct) and no chain lines visible, thin and transluscent though sturdy, well-burnished ; numerous fills and other repairs.</subfield></datafield><datafield tag="500" ind1=" " ind2=" "><subfield code="a">Decoration: Elegant illuminated headpiece (ʻunwān / sarlawḥ) at opening consisting of small rectangular piece with gold cartouche carrying the basmalah flanked by floral motifs in pink, yellow, blue, and red on fields of dark blue, surmounted by tall scalloped w-shaped piece filled with delicate floral vegetal decoration in pink, red, orange, white, green, etc. on grounds of gold and dark blue with red and white vegetal accents, set in a well of black bands flanking a heavy gold band with floral motifs ; written area throughout surrounded by an elaborate vegetal border with floral motifs in green and yellow with red-orange accents, defined by bands of gold and red with outermost red and blue fillets ; margin also defined by black fillets ; keywords rubricated ; occasional textual dividers in the form of red inverted commas ; occasional illuminated floral accents set off text arranged on the diagonal ; 29 near full-page and 43 half-page miniatures in the Kashmīrī style, with generous use of lavender, red-orange, orange, yellow, lime green, and slate blue with occasional gold ; a few pencil drawings (see title page, page facing incipit page, etc.).</subfield></datafield><datafield tag="500" ind1=" " ind2=" "><subfield code="a">Script: Nastaʻlīq ; bold, elegant Indian hand in a heavy line ; serifless, with marked effect of words descending to baseline, elongation and exaggerated thickness of horizontal strokes, pointing mainly in distinct or conjoined dots.</subfield></datafield><datafield tag="500" ind1=" " ind2=" "><subfield code="a">Layout: Written mainly in 11 lines per page, though occasionally four or fewer lines accompanied by a half or near full-page miniature, or three lines accompanied by decorative arrangement of four lines on the diagonal, forming a diamond shape.</subfield></datafield><datafield tag="500" ind1=" " ind2=" "><subfield code="a">Collation: Chiefly quaternions in the latter part of the codex, elsewhere gatherings are now altered for interleaving with an extremely haphazard result ; middle of the quire marks in the form of oblique strokes appear in latter gatherings ; catchwords present ; blank leaves interleaved to protect minatures.</subfield></datafield><datafield tag="500" ind1=" " ind2=" "><subfield code="a">Explicit: "حيران ماندند و گریبان ها چاك زدند شه تابوت را یكبار بر آوردند فریاد و واویلا از مرد و زن و پیر و جوان ..."</subfield></datafield><datafield tag="500" ind1=" " ind2=" "><subfield code="a">Incipit: "بلبل نوایان چمن عشقبازی و دستان سرایان انجمن نکته پردازی طوطی زبان ..."</subfield></datafield><datafield tag="500" ind1=" " ind2=" "><subfield code="a">Title supplied by cataloguer.</subfield></datafield><datafield tag="500" ind1=" " ind2=" "><subfield code="a">Ms. codex.</subfield></datafield><datafield tag="520" ind1="8" ind2=" "><subfield code="a">Elegant though incomplete copy of what Pasha Mohamad Khan has identified as "Story of the love of Māh-i Munīr son of ‘Arab-Shāh for Khūb-chihrah, merchant’s daughter" (cf. Punjab University Āẕar Collection, MS 16-S-8545G), extensively illustrated with many miniatures (see note on catalog card). Contributions to the transcription also from Pasha Mohamad Khan.</subfield></datafield><datafield tag="538" ind1=" " ind2=" "><subfield code="a">Mode of access: Internet.</subfield></datafield><datafield tag="541" ind1=" " ind2=" "><subfield code="c">Purchase ;</subfield><subfield code="a">Acquired by purchase (funds donated by Horace Rackham).</subfield><subfield code="d">1924.</subfield></datafield><datafield tag="546" ind1=" " ind2=" "><subfield code="a">Persian.</subfield></datafield><datafield tag="561" ind1=" " ind2=" "><subfield code="a">Inscription in pencil on front flyleaf "217 T. De M. [i.e. Tammaro De Marinis]" ; inscription on 'title page' (later repair to opening leaf) appears to be dated 26 Jumādá II 1255 [?] [1839 ?] ; another inscription on 'title page' reads "در عهد دولت قويشوكت نور الله اخوان ١٢٥١٢ ... اضعف فقير حقير ... عباد ولى كشيمرى ... نظر در خط كشيمرنوشته شد اين [... ؟] تحرير يافت در تاريخ شهر ... سنه" ; occasional glosses (what may be descriptions of scenes to be depicted by the illustrator) and marginal corrections.</subfield></datafield><datafield tag="650" ind1=" " ind2="0"><subfield code="a">Manuscripts, Persian</subfield><subfield code="z">Michigan</subfield><subfield code="z">Ann Arbor.</subfield></datafield><datafield tag="650" ind1=" " ind2="0"><subfield code="a">Persian prose literature</subfield><subfield code="v">Early works to 1800.</subfield></datafield><datafield tag="655" ind1=" " ind2="7"><subfield code="a">Headpieces (layout features)</subfield><subfield code="y">18th century</subfield><subfield code="z">India.</subfield><subfield code="2">aat</subfield></datafield><datafield tag="700" ind1="0" ind2=" "><subfield code="a">Abdülhamid</subfield><subfield code="b">II,</subfield><subfield code="c">Sultan of the Turks,</subfield><subfield code="d">1842-1918,</subfield><subfield code="e">former owner.</subfield></datafield><datafield tag="773" ind1="0" ind2=" "><subfield code="a">Abdul Hamid Collection.</subfield></datafield><datafield tag="880" ind1="0" ind2="0"><subfield code="6">245-03/</subfield><subfield code="a">[ماه منیر و خوب چهره,</subfield><subfield code="f">قرن 18م؟].</subfield></datafield><datafield tag="CID" ind1=" " ind2=" "><subfield code="a">006818771</subfield></datafield><datafield tag="DAT" ind1="0" ind2=" "><subfield code="a">20190719102639.0</subfield><subfield code="b">20190719000000.0</subfield></datafield><datafield tag="DAT" ind1="1" ind2=" "><subfield code="a">20190719090653.0</subfield><subfield code="b">2019-07-19T16:10:56Z</subfield></datafield><datafield tag="DAT" ind1="2" ind2=" "><subfield code="a">2015-10-02T18:00:03Z</subfield></datafield><datafield tag="CAT" ind1=" " ind2=" "><subfield code="a">SDR-MIU</subfield><subfield code="d">EX LIBRIS - ALEPH</subfield><subfield code="l">prepare.pl-004-008</subfield></datafield><datafield tag="FMT" ind1=" " ind2=" "><subfield code="a">BK</subfield></datafield><datafield tag="HOL" ind1=" " ind2=" "><subfield code="0">sdr-miu006818771</subfield><subfield code="a">MiU</subfield><subfield code="b">SDR</subfield><subfield code="c">MIU</subfield><subfield code="p">mdp.39015079130020</subfield><subfield code="s">MIU</subfield><subfield code="1">006818771</subfield></datafield><datafield tag="974" ind1=" " ind2=" "><subfield code="b">MIU</subfield><subfield code="c">MIU</subfield><subfield code="d">20190719</subfield><subfield code="s">lit-dlps-dc</subfield><subfield code="u">mdp.39015079130020</subfield><subfield code="y">1799</subfield><subfield code="r">pd</subfield><subfield code="q">bib</subfield><subfield code="t">non-US bib date2 &lt; 1896</subfield></datafield></record></collection>